[gd_scene load_steps=50 format=2]

[ext_resource path="res://Assets/Player/Male_Spritesheet.png" type="Texture" id=1]
[ext_resource path="res://Player/Player.gd" type="Script" id=2]
[ext_resource path="res://Assets/Player/player_shadow.png" type="Texture" id=3]
[ext_resource path="res://Assets/UI/menu_box_1.png" type="Texture" id=4]
[ext_resource path="res://Assets/UI/ui_arrow_left_right.png" type="Texture" id=5]
[ext_resource path="res://Assets/UI/pkmnfl.ttf" type="DynamicFontData" id=6]

[sub_resource type="RectangleShape2D" id=1]
extents = Vector2( 8, 8 )

[sub_resource type="Animation" id=38]
resource_name = "Disappear"
length = 0.1
tracks/0/type = "value"
tracks/0/path = NodePath("Sprite:visible")
tracks/0/interp = 1
tracks/0/loop_wrap = true
tracks/0/imported = false
tracks/0/enabled = true
tracks/0/keys = {
"times": PoolRealArray( 0 ),
"transitions": PoolRealArray( 1 ),
"update": 1,
"values": [ false ]
}
tracks/1/type = "method"
tracks/1/path = NodePath(".")
tracks/1/interp = 1
tracks/1/loop_wrap = true
tracks/1/imported = false
tracks/1/enabled = true
tracks/1/keys = {
"times": PoolRealArray( 0.1 ),
"transitions": PoolRealArray( 1 ),
"values": [ {
"args": [  ],
"method": "entered_door"
} ]
}

[sub_resource type="Animation" id=2]
resource_name = "IdleDown"
loop = true
tracks/0/type = "value"
tracks/0/path = NodePath("Sprite:frame")
tracks/0/interp = 1
tracks/0/loop_wrap = true
tracks/0/imported = false
tracks/0/enabled = true
tracks/0/keys = {
"times": PoolRealArray( 0 ),
"transitions": PoolRealArray( 1 ),
"update": 1,
"values": [ 1 ]
}

[sub_resource type="Animation" id=3]
resource_name = "IdleLeft"
loop = true
tracks/0/type = "value"
tracks/0/path = NodePath("Sprite:frame")
tracks/0/interp = 1
tracks/0/loop_wrap = true
tracks/0/imported = false
tracks/0/enabled = true
tracks/0/keys = {
"times": PoolRealArray( 0 ),
"transitions": PoolRealArray( 1 ),
"update": 1,
"values": [ 7 ]
}

[sub_resource type="Animation" id=4]
resource_name = "IdleRight"
loop = true
tracks/0/type = "value"
tracks/0/path = NodePath("Sprite:frame")
tracks/0/interp = 1
tracks/0/loop_wrap = true
tracks/0/imported = false
tracks/0/enabled = true
tracks/0/keys = {
"times": PoolRealArray( 0 ),
"transitions": PoolRealArray( 1 ),
"update": 1,
"values": [ 7 ]
}
tracks/1/type = "value"
tracks/1/path = NodePath("Sprite:flip_h")
tracks/1/interp = 1
tracks/1/loop_wrap = true
tracks/1/imported = false
tracks/1/enabled = true
tracks/1/keys = {
"times": PoolRealArray( 0 ),
"transitions": PoolRealArray( 1 ),
"update": 1,
"values": [ true ]
}

[sub_resource type="Animation" id=5]
resource_name = "IdleUp"
loop = true
tracks/0/type = "value"
tracks/0/path = NodePath("Sprite:frame")
tracks/0/interp = 1
tracks/0/loop_wrap = true
tracks/0/imported = false
tracks/0/enabled = true
tracks/0/keys = {
"times": PoolRealArray( 0 ),
"transitions": PoolRealArray( 1 ),
"update": 1,
"values": [ 4 ]
}

[sub_resource type="Animation" id=6]
length = 0.001
tracks/0/type = "value"
tracks/0/path = NodePath("Sprite:frame")
tracks/0/interp = 1
tracks/0/loop_wrap = true
tracks/0/imported = false
tracks/0/enabled = true
tracks/0/keys = {
"times": PoolRealArray( 0 ),
"transitions": PoolRealArray( 1 ),
"update": 0,
"values": [ 1 ]
}
tracks/1/type = "value"
tracks/1/path = NodePath("Sprite:flip_h")
tracks/1/interp = 1
tracks/1/loop_wrap = true
tracks/1/imported = false
tracks/1/enabled = true
tracks/1/keys = {
"times": PoolRealArray( 0 ),
"transitions": PoolRealArray( 1 ),
"update": 0,
"values": [ true ]
}

[sub_resource type="Animation" id=25]
resource_name = "TurnDown"
length = 0.1
step = 0.05
tracks/0/type = "value"
tracks/0/path = NodePath("Sprite:frame")
tracks/0/interp = 1
tracks/0/loop_wrap = true
tracks/0/imported = false
tracks/0/enabled = true
tracks/0/keys = {
"times": PoolRealArray( 0, 0.05 ),
"transitions": PoolRealArray( 1, 1 ),
"update": 1,
"values": [ 0, 1 ]
}
tracks/1/type = "method"
tracks/1/path = NodePath(".")
tracks/1/interp = 1
tracks/1/loop_wrap = true
tracks/1/imported = false
tracks/1/enabled = true
tracks/1/keys = {
"times": PoolRealArray( 0.1 ),
"transitions": PoolRealArray( 1 ),
"values": [ {
"args": [  ],
"method": "finished_turning"
} ]
}

[sub_resource type="Animation" id=26]
resource_name = "TurnLeft"
length = 0.1
step = 0.05
tracks/0/type = "value"
tracks/0/path = NodePath("Sprite:frame")
tracks/0/interp = 1
tracks/0/loop_wrap = true
tracks/0/imported = false
tracks/0/enabled = true
tracks/0/keys = {
"times": PoolRealArray( 0, 0.05 ),
"transitions": PoolRealArray( 1, 1 ),
"update": 1,
"values": [ 6, 7 ]
}
tracks/1/type = "value"
tracks/1/path = NodePath("Sprite:flip_h")
tracks/1/interp = 1
tracks/1/loop_wrap = true
tracks/1/imported = false
tracks/1/enabled = true
tracks/1/keys = {
"times": PoolRealArray( 0 ),
"transitions": PoolRealArray( 1 ),
"update": 1,
"values": [ false ]
}
tracks/2/type = "method"
tracks/2/path = NodePath(".")
tracks/2/interp = 1
tracks/2/loop_wrap = true
tracks/2/imported = false
tracks/2/enabled = true
tracks/2/keys = {
"times": PoolRealArray( 0.1 ),
"transitions": PoolRealArray( 1 ),
"values": [ {
"args": [  ],
"method": "finished_turning"
} ]
}

[sub_resource type="Animation" id=27]
resource_name = "TurnRight"
length = 0.1
step = 0.05
tracks/0/type = "value"
tracks/0/path = NodePath("Sprite:frame")
tracks/0/interp = 1
tracks/0/loop_wrap = true
tracks/0/imported = false
tracks/0/enabled = true
tracks/0/keys = {
"times": PoolRealArray( 0, 0.05 ),
"transitions": PoolRealArray( 1, 1 ),
"update": 1,
"values": [ 6, 7 ]
}
tracks/1/type = "value"
tracks/1/path = NodePath("Sprite:flip_h")
tracks/1/interp = 1
tracks/1/loop_wrap = true
tracks/1/imported = false
tracks/1/enabled = true
tracks/1/keys = {
"times": PoolRealArray( 0 ),
"transitions": PoolRealArray( 1 ),
"update": 1,
"values": [ true ]
}
tracks/2/type = "method"
tracks/2/path = NodePath(".")
tracks/2/interp = 1
tracks/2/loop_wrap = true
tracks/2/imported = false
tracks/2/enabled = true
tracks/2/keys = {
"times": PoolRealArray( 0.1 ),
"transitions": PoolRealArray( 1 ),
"values": [ {
"args": [  ],
"method": "finished_turning"
} ]
}

[sub_resource type="Animation" id=28]
resource_name = "TurnUp"
length = 0.1
step = 0.05
tracks/0/type = "value"
tracks/0/path = NodePath("Sprite:frame")
tracks/0/interp = 1
tracks/0/loop_wrap = true
tracks/0/imported = false
tracks/0/enabled = true
tracks/0/keys = {
"times": PoolRealArray( 0, 0.05 ),
"transitions": PoolRealArray( 1, 1 ),
"update": 1,
"values": [ 3, 4 ]
}
tracks/1/type = "method"
tracks/1/path = NodePath(".")
tracks/1/interp = 1
tracks/1/loop_wrap = true
tracks/1/imported = false
tracks/1/enabled = true
tracks/1/keys = {
"times": PoolRealArray( 0.1 ),
"transitions": PoolRealArray( 1 ),
"values": [ {
"args": [  ],
"method": "finished_turning"
} ]
}

[sub_resource type="Animation" id=7]
resource_name = "WalkDown"
length = 0.8
loop = true
step = 0.2
tracks/0/type = "value"
tracks/0/path = NodePath("Sprite:frame")
tracks/0/interp = 1
tracks/0/loop_wrap = true
tracks/0/imported = false
tracks/0/enabled = true
tracks/0/keys = {
"times": PoolRealArray( 0, 0.2, 0.4, 0.6 ),
"transitions": PoolRealArray( 1, 1, 1, 1 ),
"update": 1,
"values": [ 0, 1, 2, 1 ]
}

[sub_resource type="Animation" id=8]
resource_name = "WalkLeft"
length = 0.8
loop = true
step = 0.2
tracks/0/type = "value"
tracks/0/path = NodePath("Sprite:frame")
tracks/0/interp = 1
tracks/0/loop_wrap = true
tracks/0/imported = false
tracks/0/enabled = true
tracks/0/keys = {
"times": PoolRealArray( 0, 0.2, 0.4, 0.6 ),
"transitions": PoolRealArray( 1, 1, 1, 1 ),
"update": 1,
"values": [ 6, 7, 8, 7 ]
}
tracks/1/type = "value"
tracks/1/path = NodePath("Sprite:flip_h")
tracks/1/interp = 1
tracks/1/loop_wrap = true
tracks/1/imported = false
tracks/1/enabled = true
tracks/1/keys = {
"times": PoolRealArray( 0 ),
"transitions": PoolRealArray( 1 ),
"update": 1,
"values": [ false ]
}

[sub_resource type="Animation" id=9]
resource_name = "WalkRight"
length = 0.8
loop = true
step = 0.2
tracks/0/type = "value"
tracks/0/path = NodePath("Sprite:frame")
tracks/0/interp = 1
tracks/0/loop_wrap = true
tracks/0/imported = false
tracks/0/enabled = true
tracks/0/keys = {
"times": PoolRealArray( 0, 0.2, 0.4, 0.6 ),
"transitions": PoolRealArray( 1, 1, 1, 1 ),
"update": 1,
"values": [ 6, 7, 8, 7 ]
}
tracks/1/type = "value"
tracks/1/path = NodePath("Sprite:flip_h")
tracks/1/interp = 1
tracks/1/loop_wrap = true
tracks/1/imported = false
tracks/1/enabled = true
tracks/1/keys = {
"times": PoolRealArray( 0 ),
"transitions": PoolRealArray( 1 ),
"update": 1,
"values": [ true ]
}

[sub_resource type="Animation" id=10]
resource_name = "WalkUp"
length = 0.8
loop = true
step = 0.2
tracks/0/type = "value"
tracks/0/path = NodePath("Sprite:frame")
tracks/0/interp = 1
tracks/0/loop_wrap = true
tracks/0/imported = false
tracks/0/enabled = true
tracks/0/keys = {
"times": PoolRealArray( 0, 0.2, 0.4, 0.6 ),
"transitions": PoolRealArray( 1, 1, 1, 1 ),
"update": 1,
"values": [ 3, 4, 5, 4 ]
}

[sub_resource type="AnimationNodeAnimation" id=11]
animation = "IdleLeft"

[sub_resource type="AnimationNodeAnimation" id=12]
animation = "IdleRight"

[sub_resource type="AnimationNodeAnimation" id=13]
animation = "IdleDown"

[sub_resource type="AnimationNodeAnimation" id=14]
animation = "IdleUp"

[sub_resource type="AnimationNodeBlendSpace2D" id=15]
blend_point_0/node = SubResource( 11 )
blend_point_0/pos = Vector2( -1, 0 )
blend_point_1/node = SubResource( 12 )
blend_point_1/pos = Vector2( 1, 0 )
blend_point_2/node = SubResource( 13 )
blend_point_2/pos = Vector2( 0, 1 )
blend_point_3/node = SubResource( 14 )
blend_point_3/pos = Vector2( 0, -1 )
blend_mode = 1

[sub_resource type="AnimationNodeAnimation" id=29]
animation = "TurnLeft"

[sub_resource type="AnimationNodeAnimation" id=30]
animation = "TurnRight"

[sub_resource type="AnimationNodeAnimation" id=31]
animation = "TurnDown"

[sub_resource type="AnimationNodeAnimation" id=32]
animation = "TurnUp"

[sub_resource type="AnimationNodeBlendSpace2D" id=33]
blend_point_0/node = SubResource( 29 )
blend_point_0/pos = Vector2( -1, 0.1 )
blend_point_1/node = SubResource( 30 )
blend_point_1/pos = Vector2( 1, 0 )
blend_point_2/node = SubResource( 31 )
blend_point_2/pos = Vector2( 0, 1 )
blend_point_3/node = SubResource( 32 )
blend_point_3/pos = Vector2( 0, -1 )
blend_mode = 1

[sub_resource type="AnimationNodeAnimation" id=16]
animation = "WalkLeft"

[sub_resource type="AnimationNodeAnimation" id=17]
animation = "WalkRight"

[sub_resource type="AnimationNodeAnimation" id=18]
animation = "WalkDown"

[sub_resource type="AnimationNodeAnimation" id=19]
animation = "WalkUp"

[sub_resource type="AnimationNodeBlendSpace2D" id=20]
blend_point_0/node = SubResource( 16 )
blend_point_0/pos = Vector2( -1, 0 )
blend_point_1/node = SubResource( 17 )
blend_point_1/pos = Vector2( 1, 0 )
blend_point_2/node = SubResource( 18 )
blend_point_2/pos = Vector2( 0, 1 )
blend_point_3/node = SubResource( 19 )
blend_point_3/pos = Vector2( 0, -1 )
blend_mode = 1

[sub_resource type="AnimationNodeStateMachineTransition" id=21]

[sub_resource type="AnimationNodeStateMachineTransition" id=22]

[sub_resource type="AnimationNodeStateMachineTransition" id=34]

[sub_resource type="AnimationNodeStateMachineTransition" id=35]

[sub_resource type="AnimationNodeStateMachineTransition" id=36]

[sub_resource type="AnimationNodeStateMachineTransition" id=37]

[sub_resource type="AnimationNodeStateMachine" id=23]
states/Idle/node = SubResource( 15 )
states/Idle/position = Vector2( 348, 70 )
states/Turn/node = SubResource( 33 )
states/Turn/position = Vector2( 442, 169 )
states/Walk/node = SubResource( 20 )
states/Walk/position = Vector2( 547, 70 )
transitions = [ "Idle", "Walk", SubResource( 21 ), "Walk", "Idle", SubResource( 22 ), "Walk", "Turn", SubResource( 34 ), "Turn", "Walk", SubResource( 35 ), "Turn", "Idle", SubResource( 36 ), "Idle", "Turn", SubResource( 37 ) ]
start_node = "Idle"

[sub_resource type="AnimationNodeStateMachinePlayback" id=24]

[sub_resource type="DynamicFont" id=39]
size = 10
extra_spacing_bottom = 3
font_data = ExtResource( 6 )

[sub_resource type="Animation" id=40]
resource_name = "IDLE"
loop = true
tracks/0/type = "value"
tracks/0/path = NodePath("NinePatchRect/TextureRect:rect_position")
tracks/0/interp = 1
tracks/0/loop_wrap = true
tracks/0/imported = false
tracks/0/enabled = true
tracks/0/keys = {
"times": PoolRealArray( 0, 0.5, 1 ),
"transitions": PoolRealArray( 1, 1, 1 ),
"update": 0,
"values": [ Vector2( 220, 24 ), Vector2( 220, 23 ), Vector2( 220, 24 ) ]
}

[sub_resource type="Animation" id=41]
length = 0.001
tracks/0/type = "value"
tracks/0/path = NodePath("NinePatchRect/TextureRect:rect_position")
tracks/0/interp = 1
tracks/0/loop_wrap = true
tracks/0/imported = false
tracks/0/enabled = true
tracks/0/keys = {
"times": PoolRealArray( 0 ),
"transitions": PoolRealArray( 1 ),
"update": 0,
"values": [ Vector2( 220, 21 ) ]
}

[sub_resource type="DynamicFont" id=42]
size = 11
extra_spacing_top = 3
extra_spacing_bottom = 1
font_data = ExtResource( 6 )

[sub_resource type="StyleBoxFlat" id=43]
bg_color = Color( 0, 0, 0, 0.392157 )

[node name="Player" type="KinematicBody2D"]
collision_mask = 14
script = ExtResource( 2 )

[node name="Shadow" type="Sprite" parent="."]
texture = ExtResource( 3 )
centered = false

[node name="Sprite" type="Sprite" parent="."]
texture = ExtResource( 1 )
centered = false
offset = Vector2( 0, -4 )
flip_h = true
hframes = 3
vframes = 3
frame = 1

[node name="CollisionShape2D" type="CollisionShape2D" parent="."]
position = Vector2( 8, 8 )
shape = SubResource( 1 )

[node name="AnimationPlayer" type="AnimationPlayer" parent="."]
anims/Disappear = SubResource( 38 )
anims/IdleDown = SubResource( 2 )
anims/IdleLeft = SubResource( 3 )
anims/IdleRight = SubResource( 4 )
anims/IdleUp = SubResource( 5 )
anims/RESET = SubResource( 6 )
anims/TurnDown = SubResource( 25 )
anims/TurnLeft = SubResource( 26 )
anims/TurnRight = SubResource( 27 )
anims/TurnUp = SubResource( 28 )
anims/WalkDown = SubResource( 7 )
anims/WalkLeft = SubResource( 8 )
anims/WalkRight = SubResource( 9 )
anims/WalkUp = SubResource( 10 )

[node name="AnimationTree" type="AnimationTree" parent="."]
tree_root = SubResource( 23 )
anim_player = NodePath("../AnimationPlayer")
parameters/playback = SubResource( 24 )
parameters/Idle/blend_position = Vector2( -0.00376546, -0.87931 )
parameters/Turn/blend_position = Vector2( 0, 0 )
parameters/Walk/blend_position = Vector2( 0, 0 )

[node name="Camera2D" type="Camera2D" parent="."]
current = true

[node name="BlockingRayCast2D" type="RayCast2D" parent="."]
position = Vector2( 8, 8 )
cast_to = Vector2( 0, 8 )
collision_mask = 6

[node name="LedgeRayCast2D" type="RayCast2D" parent="."]
position = Vector2( 8, 8 )
cast_to = Vector2( 0, 8 )
collision_mask = 4

[node name="DoorRayCast2D" type="RayCast2D" parent="."]
position = Vector2( 8, 8 )
cast_to = Vector2( 0, 8 )
collision_mask = 8
collide_with_areas = true

[node name="InteractableRayCast2D" type="RayCast2D" parent="."]
position = Vector2( 8, 8 )
cast_to = Vector2( 0, 8 )
collision_mask = 16
collide_with_areas = true

[node name="DlgControl" type="Control" parent="."]
visible = false
margin_top = 1.0
margin_right = 40.0
margin_bottom = 41.0
__meta__ = {
"_edit_use_anchors_": false
}

[node name="NinePatchRect" type="NinePatchRect" parent="DlgControl"]
margin_left = -113.0
margin_top = 37.0
margin_right = 113.0
margin_bottom = 73.0
texture = ExtResource( 4 )
patch_margin_left = 6
patch_margin_top = 6
patch_margin_right = 6
patch_margin_bottom = 6
__meta__ = {
"_edit_use_anchors_": false
}

[node name="TextureRect" type="TextureRect" parent="DlgControl/NinePatchRect"]
margin_left = 220.0
margin_top = 21.0
margin_right = 226.0
margin_bottom = 31.0001
rect_rotation = 90.0
texture = ExtResource( 5 )
__meta__ = {
"_edit_use_anchors_": false
}

[node name="RichTextLabel" type="RichTextLabel" parent="DlgControl/NinePatchRect"]
margin_left = 8.0
margin_top = 6.0
margin_right = 218.0
margin_bottom = 32.0
custom_colors/default_color = Color( 0.211765, 0.219608, 0.286275, 1 )
custom_fonts/normal_font = SubResource( 39 )
text = "Lorem ipsum dolor sit amet, consetetur sadipscing elitr, sed diam nonumy eirmod  Stet clita kasd gubergren, no sea takimata s  ubergren, no sea"
scroll_active = false
__meta__ = {
"_edit_use_anchors_": false
}

[node name="AnimationPlayer" type="AnimationPlayer" parent="DlgControl"]
autoplay = "IDLE"
anims/IDLE = SubResource( 40 )
anims/RESET = SubResource( 41 )

[node name="NameControl" type="Control" parent="."]
margin_left = -6.0
margin_top = -14.0
margin_right = 22.0
margin_bottom = 16.0
__meta__ = {
"_edit_use_anchors_": false
}

[node name="Label" type="Label" parent="NameControl"]
margin_left = 2.0
margin_right = 52.0
margin_bottom = 14.0
grow_horizontal = 2
grow_vertical = 2
rect_min_size = Vector2( 0, 10 )
rect_scale = Vector2( 0.5, 0.5 )
custom_fonts/font = SubResource( 42 )
custom_styles/normal = SubResource( 43 )
text = "Testuser"
align = 1
__meta__ = {
"_edit_use_anchors_": false
}
