[gd_scene load_steps=12 format=2]

[ext_resource path="res://Assets/UI/btn.png" type="Texture" id=1]
[ext_resource path="res://Assets/UI/btnActive.png" type="Texture" id=2]
[ext_resource path="res://Assets/UI/menu_box_1.png" type="Texture" id=3]
[ext_resource path="res://Assets/UI/pkmfont.tres" type="DynamicFont" id=4]
[ext_resource path="res://UI/LoginScreen.gd" type="Script" id=5]
[ext_resource path="res://Assets/UI/inputfont.tres" type="DynamicFontData" id=6]

[sub_resource type="DynamicFont" id=1]
size = 10
font_data = ExtResource( 6 )

[sub_resource type="StyleBoxEmpty" id=3]

[sub_resource type="DynamicFont" id=2]
size = 10
font_data = ExtResource( 6 )

[sub_resource type="StyleBoxEmpty" id=4]

[sub_resource type="DynamicFont" id=5]
size = 11
font_data = ExtResource( 6 )

[node name="LoginScreen" type="Control"]
anchor_right = 1.0
anchor_bottom = 1.0
script = ExtResource( 5 )
__meta__ = {
"_edit_use_anchors_": false
}

[node name="NinePatchRect" type="NinePatchRect" parent="."]
margin_right = 40.0
margin_bottom = 40.0
rect_min_size = Vector2( 240, 160 )
texture = ExtResource( 3 )
patch_margin_left = 6
patch_margin_top = 6
patch_margin_right = 6
patch_margin_bottom = 6
__meta__ = {
"_edit_use_anchors_": false
}

[node name="Login" type="VBoxContainer" parent="NinePatchRect"]
anchor_right = 1.0
anchor_bottom = 1.0
margin_left = 10.0
margin_top = 10.0
margin_right = -10.0
margin_bottom = -10.0
__meta__ = {
"_edit_use_anchors_": false
}

[node name="Title" type="Label" parent="NinePatchRect/Login"]
margin_right = 220.0
margin_bottom = 6.0
custom_colors/font_color = Color( 0, 0, 0, 1 )
custom_fonts/font = ExtResource( 4 )
text = "Pokemon MMO by EypoRage"

[node name="MarginContainer2" type="MarginContainer" parent="NinePatchRect/Login"]
margin_top = 10.0
margin_right = 220.0
margin_bottom = 16.0
rect_min_size = Vector2( 0, 6 )

[node name="UsernameTitle" type="Label" parent="NinePatchRect/Login"]
margin_top = 20.0
margin_right = 220.0
margin_bottom = 26.0
custom_colors/font_color = Color( 0, 0, 0, 1 )
custom_fonts/font = ExtResource( 4 )
text = "Username"

[node name="MarginContainer3" type="MarginContainer" parent="NinePatchRect/Login"]
margin_top = 30.0
margin_right = 220.0
margin_bottom = 33.0
rect_min_size = Vector2( 0, 3 )

[node name="Username" type="LineEdit" parent="NinePatchRect/Login"]
margin_top = 37.0
margin_right = 220.0
margin_bottom = 51.0
size_flags_vertical = 0
custom_colors/selection_color = Color( 0, 0, 0, 1 )
custom_colors/cursor_color = Color( 1, 1, 1, 1 )
custom_colors/clear_button_color_pressed = Color( 0, 0, 0, 1 )
custom_colors/font_color = Color( 1, 1, 1, 1 )
custom_fonts/font = SubResource( 1 )
custom_styles/focus = SubResource( 3 )

[node name="PasswordTitle" type="Label" parent="NinePatchRect/Login"]
margin_top = 55.0
margin_right = 220.0
margin_bottom = 61.0
custom_colors/font_color = Color( 0, 0, 0, 1 )
custom_fonts/font = ExtResource( 4 )
text = "Password"

[node name="MarginContainer4" type="MarginContainer" parent="NinePatchRect/Login"]
margin_top = 65.0
margin_right = 220.0
margin_bottom = 68.0
rect_min_size = Vector2( 0, 3 )

[node name="Password" type="LineEdit" parent="NinePatchRect/Login"]
margin_top = 72.0
margin_right = 220.0
margin_bottom = 87.0
rect_min_size = Vector2( 0, 15 )
custom_colors/selection_color = Color( 0, 0, 0, 1 )
custom_colors/cursor_color = Color( 1, 1, 1, 1 )
custom_colors/font_color = Color( 1, 1, 1, 1 )
custom_fonts/font = SubResource( 2 )
custom_styles/focus = SubResource( 4 )

[node name="LoginButton" type="TextureButton" parent="NinePatchRect/Login"]
margin_left = 45.0
margin_top = 91.0
margin_right = 175.0
margin_bottom = 108.0
rect_min_size = Vector2( 130, 17 )
size_flags_horizontal = 4
texture_normal = ExtResource( 1 )
texture_pressed = ExtResource( 2 )
texture_disabled = ExtResource( 2 )
expand = true
__meta__ = {
"_edit_use_anchors_": false
}

[node name="Label" type="Label" parent="NinePatchRect/Login/LoginButton"]
anchor_right = 1.0
anchor_bottom = 1.0
margin_top = -5.0
custom_colors/font_color = Color( 0, 0, 0, 1 )
custom_fonts/font = ExtResource( 4 )
text = "Login"
align = 1
valign = 1
__meta__ = {
"_edit_use_anchors_": false
}

[node name="CreateAccountButton" type="TextureButton" parent="NinePatchRect/Login"]
margin_left = 45.0
margin_top = 112.0
margin_right = 175.0
margin_bottom = 129.0
rect_min_size = Vector2( 130, 17 )
size_flags_horizontal = 4
texture_normal = ExtResource( 1 )
texture_pressed = ExtResource( 2 )
texture_disabled = ExtResource( 2 )
expand = true

[node name="Label" type="Label" parent="NinePatchRect/Login/CreateAccountButton"]
anchor_right = 1.0
anchor_bottom = 1.0
margin_top = -5.0
custom_colors/font_color = Color( 0, 0, 0, 1 )
custom_fonts/font = ExtResource( 4 )
text = "Create Account"
align = 1
valign = 1
__meta__ = {
"_edit_use_anchors_": false
}

[node name="Status" type="Label" parent="NinePatchRect/Login"]
margin_top = 133.0
margin_right = 220.0
margin_bottom = 143.0
rect_min_size = Vector2( 0, 10 )
size_flags_vertical = 1
custom_colors/font_color = Color( 0.521569, 0.0509804, 0.0509804, 1 )
custom_fonts/font = SubResource( 5 )
autowrap = true
clip_text = true

[node name="CreateAccount" type="VBoxContainer" parent="NinePatchRect"]
visible = false
anchor_right = 1.0
anchor_bottom = 1.0
margin_left = 10.0
margin_top = 10.0
margin_right = -10.0
margin_bottom = -10.0
__meta__ = {
"_edit_use_anchors_": false
}

[node name="Title" type="Label" parent="NinePatchRect/CreateAccount"]
margin_right = 220.0
margin_bottom = 6.0
custom_colors/font_color = Color( 0, 0, 0, 1 )
custom_fonts/font = ExtResource( 4 )
text = "Pokemon MMO by EypoRage"

[node name="MarginContainer2" type="MarginContainer" parent="NinePatchRect/CreateAccount"]
margin_top = 10.0
margin_right = 220.0
margin_bottom = 13.0
rect_min_size = Vector2( 0, 3 )

[node name="UsernameTitle" type="Label" parent="NinePatchRect/CreateAccount"]
margin_top = 17.0
margin_right = 220.0
margin_bottom = 23.0
custom_colors/font_color = Color( 0, 0, 0, 1 )
custom_fonts/font = ExtResource( 4 )
text = "Username"

[node name="MarginContainer3" type="MarginContainer" parent="NinePatchRect/CreateAccount"]
margin_top = 27.0
margin_right = 220.0
margin_bottom = 27.0

[node name="Username" type="LineEdit" parent="NinePatchRect/CreateAccount"]
margin_top = 31.0
margin_right = 220.0
margin_bottom = 45.0
size_flags_vertical = 0
custom_colors/selection_color = Color( 0, 0, 0, 1 )
custom_colors/cursor_color = Color( 1, 1, 1, 1 )
custom_colors/clear_button_color_pressed = Color( 0, 0, 0, 1 )
custom_colors/font_color = Color( 1, 1, 1, 1 )
custom_fonts/font = SubResource( 1 )
custom_styles/focus = SubResource( 3 )

[node name="PasswordTitle" type="Label" parent="NinePatchRect/CreateAccount"]
margin_top = 49.0
margin_right = 220.0
margin_bottom = 55.0
custom_colors/font_color = Color( 0, 0, 0, 1 )
custom_fonts/font = ExtResource( 4 )
text = "Password"

[node name="MarginContainer4" type="MarginContainer" parent="NinePatchRect/CreateAccount"]
margin_top = 59.0
margin_right = 220.0
margin_bottom = 59.0

[node name="Password" type="LineEdit" parent="NinePatchRect/CreateAccount"]
margin_top = 63.0
margin_right = 220.0
margin_bottom = 78.0
rect_min_size = Vector2( 0, 15 )
custom_colors/selection_color = Color( 0, 0, 0, 1 )
custom_colors/cursor_color = Color( 1, 1, 1, 1 )
custom_colors/font_color = Color( 1, 1, 1, 1 )
custom_fonts/font = SubResource( 2 )
custom_styles/focus = SubResource( 4 )

[node name="RepeatPasswordTitle" type="Label" parent="NinePatchRect/CreateAccount"]
margin_top = 82.0
margin_right = 220.0
margin_bottom = 88.0
custom_colors/font_color = Color( 0, 0, 0, 1 )
custom_fonts/font = ExtResource( 4 )
text = "Repeat Password"

[node name="MarginContainer5" type="MarginContainer" parent="NinePatchRect/CreateAccount"]
margin_top = 92.0
margin_right = 220.0
margin_bottom = 92.0

[node name="PasswordRepeat" type="LineEdit" parent="NinePatchRect/CreateAccount"]
margin_top = 96.0
margin_right = 220.0
margin_bottom = 111.0
rect_min_size = Vector2( 0, 15 )
custom_colors/selection_color = Color( 0, 0, 0, 1 )
custom_colors/cursor_color = Color( 1, 1, 1, 1 )
custom_colors/font_color = Color( 1, 1, 1, 1 )
custom_fonts/font = SubResource( 2 )
custom_styles/focus = SubResource( 4 )

[node name="HBoxContainer" type="HBoxContainer" parent="NinePatchRect/CreateAccount"]
margin_top = 115.0
margin_right = 220.0
margin_bottom = 132.0

[node name="Confirm" type="TextureButton" parent="NinePatchRect/CreateAccount/HBoxContainer"]
margin_right = 130.0
margin_bottom = 17.0
rect_min_size = Vector2( 130, 17 )
size_flags_horizontal = 4
texture_normal = ExtResource( 1 )
texture_pressed = ExtResource( 2 )
texture_disabled = ExtResource( 2 )
expand = true

[node name="Label" type="Label" parent="NinePatchRect/CreateAccount/HBoxContainer/Confirm"]
anchor_right = 1.0
anchor_bottom = 1.0
margin_top = -5.0
custom_colors/font_color = Color( 0, 0, 0, 1 )
custom_fonts/font = ExtResource( 4 )
text = "Create Account"
align = 1
valign = 1
__meta__ = {
"_edit_use_anchors_": false
}

[node name="Back" type="TextureButton" parent="NinePatchRect/CreateAccount/HBoxContainer"]
margin_left = 134.0
margin_right = 220.0
margin_bottom = 17.0
rect_min_size = Vector2( 86, 17 )
size_flags_horizontal = 4
texture_normal = ExtResource( 1 )
texture_pressed = ExtResource( 2 )
texture_disabled = ExtResource( 2 )
expand = true

[node name="Label" type="Label" parent="NinePatchRect/CreateAccount/HBoxContainer/Back"]
anchor_right = 1.0
anchor_bottom = 1.0
margin_top = -5.0
custom_colors/font_color = Color( 0, 0, 0, 1 )
custom_fonts/font = ExtResource( 4 )
text = "Back"
align = 1
valign = 1
__meta__ = {
"_edit_use_anchors_": false
}

[node name="Status" type="Label" parent="NinePatchRect/CreateAccount"]
margin_top = 136.0
margin_right = 220.0
margin_bottom = 146.0
rect_min_size = Vector2( 0, 10 )
size_flags_vertical = 1
custom_colors/font_color = Color( 0.521569, 0.0509804, 0.0509804, 1 )
custom_fonts/font = SubResource( 5 )
autowrap = true
clip_text = true

[connection signal="pressed" from="NinePatchRect/Login/LoginButton" to="." method="_on_LoginButton_pressed"]
[connection signal="pressed" from="NinePatchRect/Login/CreateAccountButton" to="." method="_on_CreateAccountButton_pressed"]
[connection signal="pressed" from="NinePatchRect/CreateAccount/HBoxContainer/Confirm" to="." method="_on_Confirm_pressed"]
[connection signal="pressed" from="NinePatchRect/CreateAccount/HBoxContainer/Back" to="." method="_on_Back_pressed"]
